% Encoding: UTF-8

@Article{Gut2015,
  author  = {Gutjahr, Benjamin and Werling, Moritz},
  title   = {Optimale Fahrzeugquerführung mittels linearer, zeitvarianter MPC},
  journal = {10. Workshop Fahrerassistenzsysteme (FAS2015),},
  year    = {2015},
  pages   = {61--70},
  file    = {:Optimale_Fahrzeugquerfuehrung_mittels_linearer.pdf:PDF},
}

@Article{Gut2016,
  author  = {Gutjahr, Benjamin and Pek, Christian and Gröll, Lutz and Werling, Moritz},
  title   = {Recheneffiziente Trajektorienoptimierung für Fahrzeuge mittels quadratischem Programm},
  journal = {at - Automatisierungstechnik},
  year    = {2016},
  volume  = {64},
  number  = {10},
  pages   = {786},
  issn    = {01782312},
  file    = {://AUDIINHOME004.IN.AUDI.VWG/TKY2S95$/Eigene Dateien/Doku/MPP/Gutjahr2016a.pdf:PDF},
  url     = {https://www.degruyter.com/view/j/auto.2016.64.issue-10/auto-2016-0074/auto-2016-0074.xml},
}

@PhdThesis{Wer2011,
  author    = {Werling, Moritz},
  title     = {Ein neues Konzept für die Trajektoriengenerierung und -stabilisierung in zeitkritischen Verkehrsszenarien},
  year      = {2011},
  abstract  = {Durch den Einsatz autonomer Fahrzeuge kann der Straßenverkehr effizienter, komfortabler und vor allem sicherer gestaltet werden. Neben der hierfür erforderlichen Umfeldwahrnehmung stellen besonders die Bewegungsplanung und -ausführung zeitkritischer Fahrmanöver zur Beherrschung von dynamischen Verkehrsszenarien eine große Herausforderung dar. Herkömmliche Verfahren, die trotz trickreicher Modifikationen dieser nicht gewachsen sind, werden konsequent durch trajektorienbasierte Konzepte ersetzt.},
  doi       = {10.5445/KSP/1000021738},
  isbn      = {978-3-86644-631-1},
  issn      = {1614-5267},
  keywords  = {Trajektorienplanung, Trajektoriengenerierung, Trajektorienregelung, Dynamische Verkehrsszenarien, Autonome Fahrzeuge},
  language  = {german},
  pagetotal = {141},
  publisher = {{KIT Scientific Publishing, Karlsruhe}},
  series    = {Schriftenreihe des Instituts für Angewandte Informatik - Automatisierungstechnik, Karlsruher Institut für Technologie},
  volume    = {34},
}

@Article{Heil2016,
  author   = {Heil, Thomas and Lange, Alexander and Cramer, Stephanie},
  title    = {Adaptive and Efficient Lane Change Path Planning for Automated Vehicles},
  journal  = {19th IEEE Intelligent Transportation Systems Conference},
  year     = {2016},
  month    = nov,
  abstract = {19th IEEE Intelligent Transportation Systems Conference, November 1-4, 2016, Windsor Oceanico Hotel, Rio de Janeiro, Brazil},
  file     = {:\\\\AUDIINHOME004.IN.AUDI.VWG\\TKY2S95$\\Eigene Dateien\\Doku\\gelesen\\Adaptive_and_Efficient_Lane_Change_Path_Planning_for_Automated.pdf:PDF},
  keywords = {Automated Vehicle Operation, Motion Planning, Navigation; Driver Assistance Systems},
}

@Article{doi:10.1080/00207179.2013.875224,
  author    = {Thomas Lipp and Stephen Boyd},
  title     = {Minimum-time speed optimisation over a fixed path},
  journal   = {International Journal of Control},
  year      = {2014},
  volume    = {87},
  number    = {6},
  pages     = {1297-1311},
  doi       = {10.1080/00207179.2013.875224},
  eprint    = {https://doi.org/10.1080/00207179.2013.875224},
  publisher = {Taylor \& Francis},
  url       = { 
        https://doi.org/10.1080/00207179.2013.875224
    
},
}

@Comment{jabref-meta: databaseType:bibtex;}
